@article{BERT,
    author={Devlin, J., Chang, M.-W., Lee, K., and Toutanova, K},
    title={BERT: Pre-training of Deep Bidirectional Transformers for Language Understanding},
    journal={arXiv:1810.04805},
    year={2018}
}
