@article{BERT,
    author={Devlin, J., Chang, M.-W., Lee, K., and Toutanova, K},
    title={BERT: Pre-training of Deep Bidirectional Transformers for Language Understanding},
    journal={arXiv:1810.04805},
    year={2018}
}

@article{ueno_miki2018,
  title={創作者と人工知能: 共作実現に向けた創作過程とメタデータ付与 4 コマ漫画ストーリーデータセット構築},
  author={上野 未貴},
  journal={人工知能学会全国大会論文集},
  year={2018},
}

@article{hottoSNS-bert,
  author = {Sakaki， Takeshi and Mizuki, Sakae and Gunji, Naoyuki},
  title = {BERT Pre-trained model Trained on Large-scale Japanese Social Media Corpus},
  year = {2019},
  howpublished = {\url{https://github.com/hottolink/hottoSNS-bert}}
}
