@Book{aiwolf,
  author = 	 {鳥海不二夫 and 片上大輔 and 澤博隆 and 葉通将 and 篠田孝祐 and 狩野芳伸},
  title = 	 {人狼知能 だます・見破る・説得する人工知能},
  publisher = 	 {森北出版株式会社},
  year = 	 {2016},
  month =        mar
}

@misc{project,
title =	{人狼知能プロジェクト},
note =	{http://aiwolf.org/}
}

@article{LSTM,
author ={Felix A. Gers and Jurgen Schmidhuber and Fred Cummins},
title =	{Learning to Forget:Continual Prediction with LSTM},
jounal ={Technical Report IDSIA 01-99},
year =	{1999}
}

@article{RNN,
author =	{Wojciech Zaremba},
title =	{RECURRENT NEURAL NETWORK REGULARIZATION},
jounal =	{Under review as a conference paper at ICLR 2015},
year =	{2015}
}
